
%%LIBROS **********************************************************************************************************

@book{Walls2013,
	author = {Walls, M.},
	title = {Building a DevOps Culture},
	year = {2013},
	publisher = {Sebastopol: O’Reilly},
}

@book{SilberschatzKorthSudarshan2006,
	author = {Silberschatz, A. y  Sudarshan,  S.},
	title = {Fundamentos de Bases de Datos},
	year = {2006},
	publisher = {McGraw-Hill},
}
%%TESIS **********************************************************************************************************

@mastersthesis{Perez2018,
	author = {Pérez, L.},
	title = {DevOps: IT Development in the Era of Digitalization },
	year = {2018},
	address  = {Universidad de Valladolid, España},
	howpublished = {Recuperado de  {https://n9.cl/ar2v}},
	note = {Accedido el 29-08-2019}
}

@mastersthesis{Zulaica2011,
	author = {Zulaica, B.},
	title = {Problemas de performance en el uso de mapeadores objeto/relacional en aplicaciones con
grandes volúmenes de datos},
	year = {2011},
	address  = {Universidad Nacional de la Plata, Argentina},
	howpublished = {Recuperado de  {https://n9.cl/p1wg}},
	note = {Accedido el 14-09-2019}
}

%%ARTICULOS********************************************************************************************************

@article{Borja2010,
	author = {Borja, A.},
	title = {Mapeo de Objeto Relacional (ORM)},
	journal = {Universidad Autónoma Latinoamericana},
	year = {2013},
	address  = {Colombia},
	howpublished = {Recuperado de  {https://n9.cl/213}},
	note = {Accedido el 15-09-2019}
}

%%PAGINAS WEB ******************************************************************************************************
@misc{Gartner,
	author = {Gartner},
	title = {IT Glossary},
	year = {ne},
	howpublished = {Recuperado de  {https://www.gartner.com/it-glossary/devops}},
	note = {Accedido el 28-08-2019}
}




